


@inproceedings{zhao2015bearing,
  title={Bearing-based formation stabilization with directed interaction topologies},
  author={Zhao, Shiyu and Zelazo, Daniel},
  booktitle={2015 54th IEEE Conference on Decision and Control (CDC)},
  pages={6115--6120},
  year={2015},
  organization={IEEE}
}

@inproceedings{zhao2015bearing0,
  title={Bearing-based formation stabilization with directed interaction topologies},
  author={Zhao, Shiyu and Zelazo, Daniel},
  booktitle={in Proceedings of 54th IEEE Conference on Decision and Control (CDC)},
  pages={6115--6120},
  year={2015},
  publisher={IEEE},
  address={Osaka, Japan},
}


@book{williams1991probability,
  title={Probability with martingales},
  author={Williams, D.},
  publisher={Cambridge University Press},
  address={Cambridge},
  year={1991},
  pages={1--600},
}

@book{chengzhaolin2006,
  title={线性系统理论},
  author={程兆林 and 马树萍},
  year={2006},
  address={北京},
  pages={1--600},
  publisher={科学出版社}
}

@book{zhangsan2007,
  title={线性系统},
  author={张三 and 李四 and 王五 and 赵六 and 钱七},
  year={2007},
  address={北京},
  publisher={XX出版社},
  pages={1--600},
  language={zh}
}


@article{cao2011formation,
  title={Formation control using range-only measurements},
  author={Cao, Ming and Yu, Changbin and Anderson, Brian DO},
  journal={Automatica},
  volume={47},
  number={4},
  pages={776--781},
  year={2011},
  publisher={Elsevier}
}


@article{xue2015formation,
  title={具有时延及联合连通拓扑的多飞行器分布式协同编队飞行控制研究},
  author={薛瑞彬 and 宋建梅 and 张民强},
  journal={兵工学报},
  volume={36},
  number={3},
  pages={492--502},
  year={2015}
}

@article{薛瑞彬2015具有时延及联合连通拓扑的多飞行器分布式协同编队飞行控制研究,
  title={具有时延及联合连通拓扑的多飞行器分布式协同编队飞行控制研究},
  author={薛瑞彬 and 宋建梅 and 张民强},
  journal={兵工学报},
  volume={036},
  number={003},
  pages={492-502},
  year={2015},
}


@mastersthesis{lisi2015,
author={李四},
title={LTE 下行链路传输与信道估计技术},
school={东南大学信息学院},
address={南京},
year=2015
}

@phdthesis{wangwu2015,
author={王五},
title={LTE MIMO检测技术},
school={东南大学信息学院},
address={南京},
year=2015
}

@phdthesis{deans2005bearings,
  title={Bearings-only localization and mapping},
  author={Deans, Matthew C and Hebert, Martial},
  address={XXX},
  year={2005},
  school={Citeseer}
}



@misc{irdawebsite,
  author={xxxx},
  title={Infrared Data Association(IrDA)},
  publisher={Website},
  year={2021},
  url={http://www.irda.org/}
}

@online{h7n9,
  author={张乐},
  title={我科学家成功研发人感染H7N9禽流感病毒疫苗株},
  address={北京},
  publisher={人民网},
  year={2013},
  modifydate={2013-10-27},
  url={http://society.people.com.cn/n/2013/1027/c1008-23337665.html},
  citedate={2013-10-27},
  langauge={zh},
}

@webpage{wikipedia_moores_law,
  title = {{Moore's law}},
  author = {{Wikipedia contributors}},
  publisher = {Wikipedia, The Free Encyclopedia},
  year = {2015},
  url = {https://en.wikipedia.org/wiki/Moore%27s_law},
  modifydate = {2015/06/14},
  citedate = {2015/06/15}
}



@patent{xiao2012yi,
  author = {肖珍新},
  title = {一种新型排渣阀调节降温装置},
  country={中国},
  date = {2012年4月25日},
  patentid={123456}
}

@patent{p6915001,
  author={Tachibana, R. and Shimizu, S.
          and Kobayshi, S. and Other Authors},
  title={Electronic watermarking method and system},
  country={US},
  patentid={6,915,001},
  date={2002-04-25},
}

@newspaper{renminribao,
  editor={{人民日报编辑部}},
  title={人民日报},
  year={2011},
  volume={22892},
  address={北京},
  publisher={人民日报出版社},
  language={zh},
}


@news{zhang2000,
  author={张田勤},
  title={罪犯DNA库与生命伦理学计划},
  journal={大众科技报},
  date={2000-11-12}
}



@standard{gbt3469-1983,
  author={{中国科学技术情报研究所}},
  title={GB/T 3469-1983: 文献类型与文献载体代码},
  year={1983},
  language={zh},
}

